@article{greenhalgh2005effectiveness,
  title={Effectiveness and efficiency of search methods in systematic reviews of complex evidence: audit of primary sources},
  author={Greenhalgh, Trisha and Peacock, Richard},
  journal={Bmj},
  volume={331},
  number={7524},
  pages={1064--1065},
  year={2005},
  doi={10.1136/bmj.38636.593461.68},
  publisher={British Medical Journal Publishing Group}
}
@article{Pallath_2022,
	doi = {10.1002/jrsm.1604},
        url = {https://paperfetcher.github.io/},
  	year = 2022,
	month = {oct},
  	publisher = {Wiley},
  	volume = {14},
  	number = {2},
  	pages = {323--335},
  	author = {Akash Pallath and Qiyang Zhang},
  	title = {Paperfetcher: A tool to automate handsearching and citation searching for systematic reviews},
}
@article{shemilt2014pinpointing,
  title={Pinpointing needles in giant haystacks: use of text mining to reduce impractical screening workload in extremely large scoping reviews},
  author={Shemilt, Ian and Simon, Antonia and Hollands, Gareth J and Marteau, Theresa M and Ogilvie, David and O'Mara-Eves, Alison and Kelly, Michael P and Thomas, James},
  journal={Research Synthesis Methods},
  volume={5},
  number={1},
  pages={31--49},
  year={2014},
  doi={10.1002/jrsm.1093},
  publisher={Wiley Online Library}
}
@article{Kinney2023TheSS,
  title={The Semantic Scholar Open Data Platform},
  author={Rodney Michael Kinney and Chloe Anastasiades and Russell Authur and Iz Beltagy and Jonathan Bragg and Alexandra Buraczynski and Isabel Cachola and Stefan Candra and Yoganand Chandrasekhar and Arman Cohan and Miles Crawford and Doug Downey and Jason Dunkelberger and Oren Etzioni and Rob Evans and Sergey Feldman and Joseph Gorney and David W. Graham and F.Q. Hu and Regan Huff and Daniel King and Sebastian Kohlmeier and Bailey Kuehl and Michael Langan and Daniel Lin and Haokun Liu and Kyle Lo and Jaron Lochner and Kelsey MacMillan and Tyler Murray and Christopher Newell and Smita R Rao and Shaurya Rohatgi and Paul L Sayre and Zejiang Shen and Amanpreet Singh and Luca Soldaini and Shivashankar Subramanian and A. Tanaka and Alex D Wade and Linda M. Wagner and Lucy Lu Wang and Christopher Wilhelm and Caroline Wu and Jiangjiang Yang and Angele Zamarron and Madeleine van Zuylen and Daniel S. Weld},
  journal={ArXiv},
  year={2023},
  volume={abs/2301.10140},
  doi = {10.48550/arXiv.2301.10140},
  url={https://api.semanticscholar.org/CorpusID:256194545}
}
@misc{litball,
    url = {https://github.com/rwst/LitBall}
}
@article{choong2014automatic,
  title={Automatic evidence retrieval for systematic reviews},
  author={Choong, Miew Keen and Galgani, Filippo and Dunn, Adam G and Tsafnat, Guy},
  journal={Journal of medical Internet research},
  doi = {10.2196/jmir.3369},
  volume={16},
  number={10},
  pages={e223},
  year={2014},
  publisher={JMIR Publications Inc. Toronto, Canada}
}
@misc{mcweeny2021snowglobe,
  title={SnowGlobe: An iterative search tool for systematic reviews and meta-analyses},
  author={McWeeny, S and Choe, J and Norton, E},
  doi = {10.17605/OSF.IO/U25RN},
  year={2021}
}
@inproceedings{sinha2015overview,
  title={An overview of microsoft academic service (mas) and applications},
  author={Sinha, Arnab and Shen, Zhihong and Song, Yang and Ma, Hao and Eide, Darrin and Hsu, Bo-June and Wang, Kuansan},
  booktitle={Proceedings of the 24th international conference on world wide web},
  doi = {10.1145/2740908.2742839},
  pages={243--246},
  year={2015}
}
@article{peroni2020opencitations,
  title={OpenCitations, an infrastructure organization for open scholarship},
  author={Peroni, Silvio and Shotton, David},
  journal={Quantitative Science Studies},
  volume={1},
  number={1},
  pages={428--444},
  year={2020},
  doi={10.1162/qss_a_00023},
  publisher={MIT Press One Rogers Street, Cambridge, MA 02142-1209, USA journals-info~…}
}
@article{hendricks2020crossref,
  title={Crossref: The sustainable source of community-owned scholarly metadata},
  author={Hendricks, Ginny and Tkaczyk, Dominika and Lin, Jennifer and Feeney, Patricia},
  journal={Quantitative Science Studies},
  volume={1},
  number={1},
  pages={414--427},
  year={2020},
  doi={10.1162/qss_a_00022},
  publisher={MIT Press One Rogers Street, Cambridge, MA 02142-1209, USA journals-info~…}
}
@inproceedings{wohlin2014guidelines,
  title={Guidelines for snowballing in systematic literature studies and a replication in software engineering},
  author={Wohlin, Claes},
  booktitle={Proceedings of the 18th international conference on evaluation and assessment in software engineering},
  pages={1--10},
  year={2014},
  doi={10.1145/2601248.2601268}
}
@article{van2021symbals,
  title={SYMBALS: A systematic review methodology blending active learning and snowballing},
  author={van Haastrecht, Max and Sarhan, Injy and Yigit Ozkan, Bilge and Brinkhuis, Matthieu and Spruit, Marco},
  journal={Frontiers in research metrics and analytics},
  volume={6},
  pages={685591},
  year={2021},
  doi={10.3389/frma.2021.685591},
  publisher={Frontiers Media SA}
}
@inproceedings{felizardo2016using,
  title={Using forward snowballing to update systematic reviews in software engineering},
  author={Felizardo, Katia Romero and Mendes, Emilia and Kalinowski, Marcos and Souza, {\'E}rica Ferreira and Vijaykumar, Nandamudi L},
  booktitle={Proceedings of the 10th ACM/IEEE International Symposium on Empirical Software Engineering and Measurement},
  pages={1--6},
  doi={10.1145/2961111.2962630},
  year={2016}
}
@misc{ralf_stephan_2023_8388963,
  author       = {Ralf Stephan},
  title        = {{Automatizing biocurators' intuition: filtering
                   scientific papers by analyzing titles and short
                   summaries}},
  month        = sep,
  year         = 2023,
  publisher    = {Zenodo},
  doi          = {10.5281/zenodo.8388963},
}
@article{milacic2024reactome,
  title={The Reactome Pathway Knowledgebase 2024},
  author={Milacic, Marija and Beavers, Deidre and Conley, Patrick and Gong, Chuqiao and Gillespie, Marc and Griss, Johannes and Haw, Robin and Jassal, Bijay and Matthews, Lisa and May, Bruce and others},
  journal={Nucleic acids research},
  volume={52},
  number={D1},
  pages={D672--D678},
  year={2024},
  doi={10.1093/nar/gkad1025},
  publisher={Oxford University Press}
}